[gd_scene load_steps=3 format=2]

[ext_resource path="res://kerno/fenestroj/tipo_a1.tscn" type="PackedScene" id=1]
[ext_resource path="res://blokoj/objektoj/skriptoj/konservejo_old.gd" type="Script" id=2]

[node name="konservejo" instance=ExtResource( 1 )]
offset_left = 200.0
offset_top = 200.0
offset_right = 200.0
offset_bottom = 200.0
script = ExtResource( 2 )

[node name="VBox" parent="." index="0"]
offset_right = 750.0

[node name="HBox_top" parent="VBox" index="0"]
offset_right = 750.0

[node name="top_texture2" parent="VBox/HBox_top" index="1"]
offset_right = 750.0

[node name="menuo_name" parent="VBox/HBox_top/top_texture2/HBox_buttons" index="0"]
offset_right = 708.0
text = "Склад"

[node name="Button_fix" parent="VBox/HBox_top/top_texture2/HBox_buttons" index="1"]
visible = false

[node name="Button_" parent="VBox/HBox_top/top_texture2/HBox_buttons" index="2"]
visible = false

[node name="Button_full" parent="VBox/HBox_top/top_texture2/HBox_buttons" index="3"]
visible = false

[node name="Button_x" parent="VBox/HBox_top/top_texture2/HBox_buttons" index="4"]
offset_left = 712.0
offset_right = 731.0

[node name="body_texture" parent="VBox" index="1"]
offset_right = 750.0

[node name="ScrollContainer" type="ScrollContainer" parent="VBox/body_texture" index="3"]
anchor_right = 1.0
anchor_bottom = 1.0
__meta__ = {
"_edit_use_anchors_": false
}

[node name="VBoxContainer" type="VBoxContainer" parent="VBox/body_texture/ScrollContainer" index="0"]
offset_right = 750.0
offset_bottom = 156.0
size_flags_horizontal = 3
size_flags_vertical = 3

[node name="HBox_bottom" parent="VBox" index="2"]
offset_right = 750.0

[node name="bottom_texture1" parent="VBox/HBox_bottom" index="0"]
offset_right = 728.0

[node name="HBoxContainer" type="HBoxContainer" parent="VBox/HBox_bottom/bottom_texture1" index="1"]
anchor_right = 1.0
anchor_bottom = 1.0
__meta__ = {
"_edit_use_anchors_": false
}

[node name="Label" type="Label" parent="VBox/HBox_bottom/bottom_texture1/HBoxContainer" index="0"]
offset_top = 2.0
offset_right = 104.0
offset_bottom = 19.0
text = "Всего места:"

[node name="all" type="Label" parent="VBox/HBox_bottom/bottom_texture1/HBoxContainer" index="1"]
offset_left = 108.0
offset_top = 2.0
offset_right = 108.0
offset_bottom = 19.0
__meta__ = {
"_edit_use_anchors_": false
}

[node name="Label3" type="Label" parent="VBox/HBox_bottom/bottom_texture1/HBoxContainer" index="2"]
offset_left = 112.0
offset_top = 2.0
offset_right = 221.0
offset_bottom = 19.0
text = "     Свободно:"

[node name="free" type="Label" parent="VBox/HBox_bottom/bottom_texture1/HBoxContainer" index="3"]
offset_left = 225.0
offset_top = 2.0
offset_right = 225.0
offset_bottom = 19.0
__meta__ = {
"_edit_use_anchors_": false
}

[node name="bottom_texture2" parent="VBox/HBox_bottom" index="1"]
offset_left = 728.0
offset_right = 750.0
